@Article{Vehtari+Gelman+Gabry:2017_practical,
 author	     = {Aki Vehtari and Andrew Gelman and Jonah Gabry},
 title	     = {Practical {Bayesian} model evaluation using leave-one-out cross-validation and {WAIC}},
  volume={27},
  number={5},
  pages={1413--1432},
  year={2017},
 journal={Statistics and Computing},
}

@article{paananen2019ranking,
  title={Ranking variables and interactions using predictive uncertainty measures},
  author={Paananen, Topi and Andersen, Michael Riis and Vehtari, Aki},
  journal={arXiv preprint arXiv:1910.07942},
  year={2019}
}

@article{wang2015difficulty,
  title={Difficulty of selecting among multilevel models using predictive accuracy},
  author={Wang, Wei and Gelman, Andrew},
  journal={Statistics and Its Interface},
  volume={8},
  number={2},
  pages={153--160},
  year={2015},
  publisher={International Press of Boston}
}

@article{agrawal2019kernel,
  title={The Kernel Interaction Trick: Fast {Bayesian} Discovery of Pairwise Interactions in High Dimensions},
  author={Agrawal, Raj and Huggins, Jonathan H and Trippe, Brian and Broderick, Tamara},
  journal={arXiv preprint arXiv:1905.06501},
  year={2019}
}

@article{mcculloch2005generalized,
  title={Generalized linear mixed models},
  author={McCulloch, Charles E and Neuhaus, John M},
  journal={Encyclopedia of biostatistics},
  volume={4},
  year={2005},
  publisher={Wiley Online Library}
}

@book{gelman2006data,
  title={Data analysis using regression and multilevel/hierarchical models},
  author={Gelman, Andrew and Hill, Jennifer},
  year={2006},
  publisher={Cambridge university press}
}

@article{reunanen2003overfitting,
  title={Overfitting in making comparisons between variable selection methods},
  author={Reunanen, Juha},
  journal={Journal of Machine Learning Research},
  volume={3},
  number={Mar},
  pages={1371--1382},
  year={2003}
}

@article{cawley2010over,
  title={On over-fitting in model selection and subsequent selection bias in performance evaluation},
  author={Cawley, Gavin C and Talbot, Nicola LC},
  journal={Journal of Machine Learning Research},
  volume={11},
  number={Jul},
  pages={2079--2107},
  year={2010}
}

@article{ambroise2002selection,
  title={Selection bias in gene extraction on the basis of microarray gene-expression data},
  author={Ambroise, Christophe and McLachlan, Geoffrey J},
  journal={Proceedings of the national academy of sciences},
  volume={99},
  number={10},
  pages={6562--6566},
  year={2002},
  publisher={National Acad Sciences}
}

@article{piironen2017comparison,
  title={Comparison of Bayesian predictive methods for model selection},
  author={Piironen, Juho and Vehtari, Aki},
  journal={Statistics and Computing},
  volume={27},
  number={3},
  pages={711--735},
  year={2017},
  publisher={Springer}
}

@article{friedman2008predictive,
  title={Predictive learning via rule ensembles},
  author={Friedman, Jerome H and Popescu, Bogdan E and others},
  journal={The Annals of Applied Statistics},
  volume={2},
  number={3},
  pages={916--954},
  year={2008},
  publisher={Institute of Mathematical Statistics}
}

@article{greenwell2018simple,
  title={A simple and effective model-based variable importance measure},
  author={Greenwell, Brandon M and Boehmke, Bradley C and McCarthy, Andrew J},
  journal={arXiv preprint arXiv:1805.04755},
  year={2018}
}

@article{garrido2020dealing,
  title={Dealing with categorical and integer-valued variables in {Bayesian} optimization with {Gaussian} processes},
  author={Garrido-Merch{\'a}n, Eduardo C and Hern{\'a}ndez-Lobato, Daniel},
  journal={Neurocomputing},
  volume={380},
  pages={20--35},
  year={2020},
  publisher={Elsevier}
}

@Misc{rstanarm,
    title = {rstanarm: {Bayesian} applied regression modeling via
      {Stan}.},
    author = {Ben Goodrich and Jonah Gabry and Imad Ali and Sam
      Brilleman},
    note = {R package version 2.19.3},
    year = {2020},
    url = {https://mc-stan.org/rstanarm},
  }